<?xml version="1.0" encoding="UTF-8"?><collection xmlns="http://www.loc.gov/MARC21/slim"><record><leader>00522nam--2200157-i-4500</leader><controlfield tag="001">000002510</controlfield><controlfield tag="002">20161230</controlfield><controlfield tag="005">20161230201025</controlfield><controlfield tag="008">060222s1000------------r-----000-0-eng-d</controlfield><datafield ind1=" " ind2=" " tag="080"><subfield code="a">517.954</subfield></datafield><datafield ind1=" " ind2=" " tag="100"><subfield code="a">Bensoussan, Alain , Lions, Jaques-louis And Papanicolaou, George</subfield></datafield><datafield ind1=" " ind2=" " tag="245"><subfield code="a">Asymptotic analysis for periodic structures</subfield></datafield><datafield ind1=" " ind2=" " tag="260"><subfield code="a">Amsterdam, North-holland Publisching Company, 1978. Xxiv + 700 P</subfield></datafield><datafield ind1=" " ind2=" " tag="490"><subfield code="a">Studies In Mathematics And Its Applications</subfield><subfield code="v">vol.5</subfield></datafield><datafield ind1=" " ind2=" " tag="852"><subfield code="a">46658</subfield></datafield><datafield ind1=" " ind2=" " tag="CAT"><subfield code="a">Sys</subfield><subfield code="c">20081217</subfield><subfield code="h">084137</subfield></datafield></record></collection>